<?xml version="1.0" encoding="UTF-8"?><collection xmlns="http://www.loc.gov/MARC21/slim"><record><leader>00518nam--2200133-i-4500</leader><controlfield tag="001">000020280</controlfield><controlfield tag="002">20161230</controlfield><controlfield tag="005">20161230201033</controlfield><controlfield tag="008">060222s1000------------r-----000-0-eng-d</controlfield><datafield ind1=" " ind2=" " tag="080"><subfield code="a">541.133</subfield></datafield><datafield ind1=" " ind2=" " tag="100"><subfield code="a">Falkenhagen, Hans</subfield></datafield><datafield ind1=" " ind2=" " tag="245"><subfield code="a">Theorie der elektrolyte. unter mitwirkung von werner ebeling. mit einem anhang uber magnetische kernresonanzuntersuchungen zur struktur von electrolytlosungen von hermann gerhard hert</subfield></datafield><datafield ind1=" " ind2=" " tag="260"><subfield code="a">Leipzig, Hirzel Verlag, 1971. 558 P. Mit 142 Abbildungen Und 90 Tabellen</subfield></datafield><datafield ind1=" " ind2=" " tag="852"><subfield code="a">77513</subfield></datafield></record></collection>